
@book{bur,
  author = {Richard L. Burden}, 
  title = {Análise numérica: Tradução da edição Norte-Americana},
  publisher = {Cengage},
  year = {2016},
  edition = {10},
  address = {São Paulo},
}
@book{schu,
  author = {Schultz, M. H. }, 
  title = {Spline analysis},
  publisher = {Prentice-Hall},
  year = {1973},
}
@book{lar,
  author = {Larry L. Schumaker}, 
  title = {Spline Functions: Basic Theory},
  publisher = {Cambridge Mathematical Library},
  year = {2007},
  edition = {3},
  address = {Cambidge},
}